[gd_scene load_steps=10 format=2]

[ext_resource path="res://Fonts/PTMono-Regular.ttf" type="DynamicFontData" id=1]
[ext_resource path="res://MainMenuSprites/OGPC_Main_Menu_Background_Sprite_Blurred.png" type="Texture" id=2]
[ext_resource path="res://ControlsMenu.gd" type="Script" id=3]
[ext_resource path="res://KeybindSelector.tscn" type="PackedScene" id=4]
[ext_resource path="res://Save_Data.gd" type="Script" id=5]

[sub_resource type="Environment" id=1]
background_mode = 4
glow_enabled = true
glow_intensity = 0.1
glow_blend_mode = 0
glow_hdr_luminance_cap = 16.83
glow_bicubic_upscale = true
glow_high_quality = true

[sub_resource type="DynamicFont" id=2]
size = 50
font_data = ExtResource( 1 )

[sub_resource type="DynamicFont" id=3]
size = 30
font_data = ExtResource( 1 )

[sub_resource type="DynamicFont" id=4]
font_data = ExtResource( 1 )

[node name="ControlsMenu" type="Node2D"]
script = ExtResource( 3 )

[node name="OgpcMainMenuBackgroundSpriteBlurred" type="Sprite" parent="."]
position = Vector2( -263.598, 92.8948 )
scale = Vector2( 0.3625, 0.365741 )
texture = ExtResource( 2 )
offset = Vector2( 1640.27, 234.06 )

[node name="WorldEnvironment" type="WorldEnvironment" parent="."]
environment = SubResource( 1 )

[node name="Label" type="Label" parent="."]
margin_left = 133.0
margin_top = 11.0
margin_right = 587.0
margin_bottom = 69.0
custom_fonts/font = SubResource( 2 )
text = "Controls"
align = 1

[node name="Label2" type="Label" parent="."]
modulate = Color( 4, 4, 4, 1 )
margin_left = 184.0
margin_top = 304.0
margin_right = 529.0
margin_bottom = 377.0
custom_fonts/font = SubResource( 3 )
text = "Back
"
align = 1

[node name="Label3" type="Label" parent="."]
modulate = Color( 2, 2, 2, 1 )
margin_left = 176.0
margin_top = 152.0
margin_right = 374.0
margin_bottom = 171.0
rect_pivot_offset = Vector2( 99, 19 )
custom_fonts/font = SubResource( 4 )
text = "Left"
align = 1

[node name="Left" parent="." instance=ExtResource( 4 )]
position = Vector2( 243, 90 )

[node name="Right" parent="." instance=ExtResource( 4 )]
position = Vector2( 326, 90 )

[node name="Jump" parent="." instance=ExtResource( 4 )]
position = Vector2( 409, 90 )

[node name="Label4" type="Label" parent="."]
modulate = Color( 2, 2, 2, 1 )
margin_left = 258.0
margin_top = 153.0
margin_right = 456.0
margin_bottom = 172.0
custom_fonts/font = SubResource( 4 )
text = "Right"
align = 1

[node name="Label5" type="Label" parent="."]
modulate = Color( 2, 2, 2, 1 )
margin_left = 342.0
margin_top = 153.0
margin_right = 540.0
margin_bottom = 172.0
rect_pivot_offset = Vector2( 99, 19 )
custom_fonts/font = SubResource( 4 )
text = "Jump"
align = 1

[node name="Label6" type="Label" parent="."]
modulate = Color( 2, 2, 2, 1 )
margin_left = 221.0
margin_top = 262.0
margin_right = 419.0
margin_bottom = 281.0
rect_pivot_offset = Vector2( 99, 19 )
custom_fonts/font = SubResource( 4 )
text = "Shockwave"
align = 1

[node name="Shockwave" parent="." instance=ExtResource( 4 )]
position = Vector2( 289, 192 )

[node name="Bullet" parent="." instance=ExtResource( 4 )]
position = Vector2( 372, 192 )

[node name="Label7" type="Label" parent="."]
modulate = Color( 2, 2, 2, 1 )
margin_left = 303.0
margin_top = 263.0
margin_right = 501.0
margin_bottom = 282.0
custom_fonts/font = SubResource( 4 )
text = "Bullet"
align = 1

[node name="SaveFunctionality" type="Node2D" parent="."]
script = ExtResource( 5 )
